@article{ruff2021alphafold,
  title={AlphaFold and implications for intrinsically disordered proteins},
  author={Ruff, Kiersten M and Pappu, Rohit V},
  journal={Journal of molecular biology},
  volume={433},
  number={20},
  pages={167208},
  year={2021},
  publisher={Elsevier}
}